@misc{sample_cite,
	title = {Sample title},
	url = {http://sample.org},
	urldate = {2022-10-26},
	publisher = {aca},
	author = {aca},
	month = sep,
	year = {2023},
	note = {},
	keywords = {sample, latex}
}
